<?xml version="1.0" encoding="UTF-8" ?><marc:collection xmlns:marc="http://www.loc.gov/MARC21/slim" xmlns:xsi="http://www.w3.org/2001/XMLSchema-instance" xsi:schemaLocation="http://www.loc.gov/MARC21/slim http://www.loc.gov/standards/marcxml/schema/MARC21slim.xsd">
<marc:record><marc:leader>00395cas a2200157 a 4500</marc:leader>
<marc:controlfield tag="001">2958612</marc:controlfield>
<marc:controlfield tag="005">20100331132339.0</marc:controlfield><marc:controlfield tag="008">890508m19879999xxu|||||| |||||   |0eng||</marc:controlfield><marc:datafield tag="019" ind1=" " ind2=" "><marc:subfield code="a">5372</marc:subfield></marc:datafield><marc:datafield tag="022" ind1=" " ind2=" "><marc:subfield code="a">0835-3638</marc:subfield></marc:datafield><marc:datafield tag="035" ind1=" " ind2=" "><marc:subfield code="9">8S00104869</marc:subfield></marc:datafield><marc:datafield tag="035" ind1=" " ind2=" "><marc:subfield code="9">8998156431</marc:subfield></marc:datafield><marc:datafield tag="245" ind1="0" ind2="4"><marc:subfield code="a">The ancient history bulletin.</marc:subfield></marc:datafield><marc:datafield tag="260" ind1=" " ind2=" "><marc:subfield code="a">Chicago,</marc:subfield><marc:subfield code="c">1987-</marc:subfield></marc:datafield><marc:datafield tag="362" ind1="0" ind2=" "><marc:subfield code="a">Vol.1, no.1 (Jan. 1987)-</marc:subfield></marc:datafield><marc:datafield tag="650" ind1=" " ind2="0"><marc:subfield code="a">History, Ancient</marc:subfield><marc:subfield code="v">Periodicals.</marc:subfield></marc:datafield></marc:record>