
<marc:record><marc:leader>00571cas a2200205 a 4500</marc:leader>
<marc:controlfield tag="001">2959522</marc:controlfield>
<marc:controlfield tag="005">20050818142244.0</marc:controlfield><marc:controlfield tag="008">810101u1926uuuumau||         0    |eng d</marc:controlfield><marc:datafield tag="019" ind1=" " ind2=" "><marc:subfield code="a">27...488</marc:subfield></marc:datafield><marc:datafield tag="022" ind1=" " ind2=" "><marc:subfield code="a">0038-7134</marc:subfield></marc:datafield><marc:datafield tag="035" ind1=" " ind2=" "><marc:subfield code="9">8S00049335</marc:subfield></marc:datafield><marc:datafield tag="035" ind1=" " ind2=" "><marc:subfield code="z">(UPvMLC)108183(0105)</marc:subfield></marc:datafield><marc:datafield tag="035" ind1=" " ind2=" "><marc:subfield code="a">(UkLCURL)e80011425413</marc:subfield></marc:datafield><marc:datafield tag="040" ind1=" " ind2=" "><marc:subfield code="a">IeDuTC</marc:subfield><marc:subfield code="d">IeDuTC</marc:subfield><marc:subfield code="d">CUD</marc:subfield><marc:subfield code="d">UtOrBLW</marc:subfield><marc:subfield code="d">UtOrBLW</marc:subfield></marc:datafield><marc:datafield tag="245" ind1="0" ind2="0"><marc:subfield code="a">Speculum.</marc:subfield></marc:datafield><marc:datafield tag="260" ind1=" " ind2=" "><marc:subfield code="a">Cambridge (Mass.) :</marc:subfield><marc:subfield code="b">Mediaeval Academy of America,</marc:subfield><marc:subfield code="c">1926-</marc:subfield></marc:datafield><marc:datafield tag="300" ind1=" " ind2=" "><marc:subfield code="a">v. ;</marc:subfield><marc:subfield code="c">26 cm.</marc:subfield></marc:datafield><marc:datafield tag="362" ind1="0" ind2=" "><marc:subfield code="a">Vol.1(1926)-</marc:subfield></marc:datafield><marc:datafield tag="710" ind1="2" ind2=" "><marc:subfield code="a">Mediaeval Academy of America.</marc:subfield></marc:datafield><marc:datafield tag="947" ind1=" " ind2=" "><marc:subfield code="a">lacks</marc:subfield><marc:subfield code="b">6xx</marc:subfield><marc:subfield code="z">600</marc:subfield></marc:datafield></marc:record>