
<marc:record><marc:leader>00563cas a2200193 a 4500</marc:leader>
<marc:controlfield tag="001">2985269</marc:controlfield>
<marc:controlfield tag="005">20090729170128.0</marc:controlfield><marc:controlfield tag="008">810101m19731995enk|||||| |||||   |0eng|d</marc:controlfield><marc:datafield tag="019" ind1=" " ind2=" "><marc:subfield code="a">'74.87209</marc:subfield></marc:datafield><marc:datafield tag="022" ind1=" " ind2=" "><marc:subfield code="a">0307-2770</marc:subfield></marc:datafield><marc:datafield tag="035" ind1=" " ind2=" "><marc:subfield code="9">8S00002837</marc:subfield></marc:datafield><marc:datafield tag="035" ind1=" " ind2=" "><marc:subfield code="a">(CStRLIN)IAUGADP1007-S</marc:subfield></marc:datafield><marc:datafield tag="035" ind1=" " ind2=" "><marc:subfield code="9">6000214774</marc:subfield></marc:datafield><marc:datafield tag="245" ind1="0" ind2="0"><marc:subfield code="a">New German studies.</marc:subfield></marc:datafield><marc:datafield tag="260" ind1=" " ind2=" "><marc:subfield code="a">Hull :</marc:subfield><marc:subfield code="b">Dept. of German, University of Hull,</marc:subfield><marc:subfield code="c">1973-1995.</marc:subfield></marc:datafield><marc:datafield tag="300" ind1=" " ind2=" "><marc:subfield code="a">v. ;</marc:subfield><marc:subfield code="c">21cm.</marc:subfield></marc:datafield><marc:datafield tag="362" ind1="0" ind2=" "><marc:subfield code="a">Vol. 1 (1973) - vol. 18 (1995)</marc:subfield></marc:datafield><marc:datafield tag="650" ind1=" " ind2="0"><marc:subfield code="a">German philology</marc:subfield><marc:subfield code="v">Periodicals.</marc:subfield></marc:datafield><marc:datafield tag="710" ind1="2" ind2=" "><marc:subfield code="a">University of Hull.</marc:subfield><marc:subfield code="b">Department of German.</marc:subfield></marc:datafield></marc:record>