
<marc:record><marc:leader>00285cas a22001217  4500</marc:leader>
<marc:controlfield tag="001">2999026</marc:controlfield>
<marc:controlfield tag="005">20060621154951.0</marc:controlfield><marc:controlfield tag="008">810101c19129999enk|||||| |||||   |0eng||</marc:controlfield><marc:datafield tag="022" ind1=" " ind2=" "><marc:subfield code="a">0018-2648</marc:subfield></marc:datafield><marc:datafield tag="035" ind1=" " ind2=" "><marc:subfield code="9">8S00058410</marc:subfield></marc:datafield><marc:datafield tag="245" ind1="0" ind2="0"><marc:subfield code="a">History.</marc:subfield></marc:datafield><marc:datafield tag="260" ind1=" " ind2=" "><marc:subfield code="a">London.</marc:subfield></marc:datafield><marc:datafield tag="710" ind1="2" ind2=" "><marc:subfield code="a">Historical Association (Great Britain)</marc:subfield></marc:datafield></marc:record>
</marc:collection>
